<record><leader>00000cas a22000007a 4500</leader><controlfield tag="001">18787139</controlfield><controlfield tag="008">881121d18901892nduwr ne      0    0eng d</controlfield><datafield ind1=" " ind2=" " tag="010"><subfield code="a">sn 88076714 </subfield></datafield><datafield ind1=" " ind2=" " tag="040"><subfield code="a">NOP</subfield><subfield code="b">eng</subfield><subfield code="c">NOP</subfield><subfield code="d">OCLCQ</subfield></datafield><datafield ind1=" " ind2=" " tag="042"><subfield code="a">msc</subfield></datafield><datafield ind1="0" ind2=" " tag="130"><subfield code="a">News-times (Grafton, N.D.)</subfield></datafield><datafield ind1="1" ind2="0" tag="245"><subfield code="a">News-times.</subfield></datafield><datafield ind1="3" ind2="0" tag="246"><subfield code="a">News Grafton weekly herald times</subfield></datafield><datafield ind1=" " ind2=" " tag="260"><subfield code="a">Grafton, N.D. :</subfield><subfield code="b">W.D. Bates</subfield></datafield><datafield ind1=" " ind2=" " tag="300"><subfield code="a">v. :</subfield><subfield code="b">ill.</subfield></datafield><datafield ind1=" " ind2=" " tag="310"><subfield code="a">Weekly</subfield></datafield><datafield ind1="0" ind2=" " tag="362"><subfield code="a">Vol. 9, no. 50 (Jan. 11, 1890)-v. 12, no. 22 (June 25, 1892).</subfield></datafield><datafield ind1=" " ind2=" " tag="500"><subfield code="a">"Weekly Herald Grafton" appears in title ornament.</subfield></datafield><datafield ind1=" " ind2=" " tag="500"><subfield code="a">"Official paper of city and county."</subfield></datafield><datafield ind1=" " ind2=" " tag="530"><subfield code="a">Available on microfilm from the State Historical Society of North Dakota.</subfield></datafield><datafield ind1=" " ind2=" " tag="752"><subfield code="a">United States</subfield><subfield code="b">North Dakota</subfield><subfield code="c">Walsh</subfield><subfield code="d">Grafton.</subfield></datafield><datafield ind1="0" ind2="0" tag="780"><subfield code="t">Herald-news and times</subfield><subfield code="w">(DLC)sn 88076713</subfield></datafield><datafield ind1="0" ind2="0" tag="785"><subfield code="t">Weekly news-times</subfield><subfield code="w">(DLC)sn 88076715</subfield></datafield></record>